


@misc{RefWorks:58,
  year = 	 {2008},
  title = 	 {顶针装置},
  note = 	 {CN Patent 100,362,645},
  url = 	 {http://www.google.com/patents/CN100362645C?cl=zh;}
}

@article{RefWorks:52,
	author={Naomichi Abe},
	year={1983},
	journal={Method and apparatus for dry etching and electrostatic chucking device used therein}
}

@article{RefWorks:44,
	author={Kazutoshi Asano and Fumikazu Hatakeyama and Kyoko Yatsuzuka},
	year={2002},
	title={Fundamental study of an electrostatic chuck for silicon wafer handling},
	journal={Industry Applications, IEEE Transactions on},
	volume={38},
	number={3},
	pages={840-845}
}

@article{RefWorks:48,
	author={Gerd Brandstetter and Sanjay Govindjee},
	year={2011},
	journal={Chucking pressures for idealized Coulomb-type electro-static chucks}
}

@article{RefWorks:65,
	author={Vincent E. Burkhart},
	year={1998},
	journal={Method and apparatus for balancing an electrostatic force produced by an electrostatic chuck}
}

@article{RefWorks:54,
	author={J‐F Daviet and L. Peccoud and F. Mondon},
	year={1993},
	title={Electrostatic Clamping Applied to Semiconductor Plasma Processing I. Theoretical Modeling},
	journal={Journal of the Electrochemical Society},
	volume={140},
	number={11},
	pages={3245-3256}
}

@article{RefWorks:66,
	author={Lan Jin},
	year={2010},
	title={Simulation of Coupled Electrostatic Mechanical Behavior with the Finite Element Method}
}

@article{RefWorks:67,
	author={G. Kalkowski and S. Risse and V. Guyenot},
	year={2002},
	title={Electrostatic chuck behaviour at ambient conditions},
	journal={Microelectronic engineering},
	volume={61},
	pages={357-361}
}

@article{RefWorks:49,
	author={Gerhard Kalkowski and Thomas Peschel and Stefan Risse and Sandra Müller and Roxann L. Engelstad and Jacob R. Zeuske and Pradeep Vukkadala},
	year={2010},
	title={Determination of local electrostatic forces for EUVL mask chucks},
	journal={Microelectronic Engineering},
	volume={87},
	number={5},
	pages={1287-1289}
}

@article{RefWorks:45,
	author={Gerhard Kalkowski and Jacob R. Zeuske and Stefan Risse and Sandra Müller and Thomas Peschel and Mathias Rohde},
	year={2011},
	title={Electrostatic clamping with an EUVL mask chuck: Particle issues},
	journal={Microelectronic Engineering},
	volume={88},
	number={8},
	pages={1986-1991}
}

@article{RefWorks:60,
	author={S. Kanno and K. Kato and K. Yoshioka and R. Nishio and T. Tsubone},
	year={2006},
	title={Prediction of clamping pressure in a Johnsen-Rahbek-type electrostatic chuck based on circuit simulation},
	journal={Journal of Vacuum Science and Technology B},
	volume={24},
	number={1},
	pages={216-223}
}

@article{RefWorks:50,
	author={S. Kanno and T. Usui},
	year={2003},
	title={Generation mechanism of residual clamping force in a bipolar electrostatic chuck},
	journal={Journal of Vacuum Science and Technology B},
	volume={21},
	number={6},
	pages={2371-2377}
}

@inproceedings{RefWorks:68,
	author={Carl J. Martin and Andrew R. Mikkelson and Richard O. Tejeda and Roxann L. Engelstad and Edward G. Lovell and Kenneth L. Blaedel and Andre A. Claudet},
	year={2002},
	title={Mechanical modeling of the reticle and chuck for EUV lithography},
	booktitle={SPIE's 27th Annual International Symposium on Microlithography},
	publisher={International Society for Optics and Photonics},
	pages={194-204}
}

@article{RefWorks:61,
	author={Shu Qin and Allen McTeer},
	year={2007},
	title={Wafer dependence of Johnsen–Rahbek type electrostatic chuck for semiconductor processes},
	journal={Journal of Applied Physics},
	volume={102},
	number={6},
	pages={064901}
}

@article{RefWorks:43,
	author={Gyu Il Shim and Hideo Sugai},
	year={2008},
	title={Temporal Analysis of Electrostatic Chuck Characteristics in Inductively Coupled Plasma},
	journal={Plasma and Fusion Research},
	volume={3},
	pages={028-028}
}

@article{RefWorks:46,
	author={Michael R. Sogard and Andrew R. Mikkelson and Vasu Ramaswamy and Roxann L. Engelstad},
	year={2009},
	title={Analysis of Coulomb and Johnsen-Rahbek electrostatic chuck performance in the presence of particles for extreme ultraviolet lithography},
	journal={Journal of Micro/Nanolithography, MEMS, and MOEMS},
	volume={8},
	number={4},
	pages={041506-041506-9}
}

@misc{RefWorks:72,
  author = 	 {R. J. Steger},
  year = 	 {1996},
  title = 	 {Electrostatic chuck having a grooved surface},
  note = 	 {US Patent 5,522,131},
  url = 	 {http://www.google.com/patents/US5522131}
}

@article{RefWorks:69,
	author={R. Tejeda and R. Engelstad and E. Lovell and K. Blaedel},
	year={2002},
	title={Particle-induced distortion in extreme ultraviolet lithography reticles during exposure chucking},
	journal={Journal of Vacuum Science and Technology B},
	volume={20},
	number={6},
	pages={2840-2843}
}

@article{RefWorks:51,
	author={J. Van Elp and PTM Giesen and AMM De Groof},
	year={2004},
	title={Low-thermal expansion electrostatic chuck materials and clamp mechanisms in vacuum and air},
	journal={Microelectronic engineering},
	volume={73},
	pages={941-947}
}

@article{RefWorks:64,
	author={Toshiya Watanabe and Tetsuo Kitabayashi and Chiaki Nakayama},
	year={1992},
	title={Electrostatic force and absorption current of alumina electrostatic chuck},
	journal={Japanese journal of applied physics},
	volume={31},
	number={7R},
	pages={2145}
}

@article{RefWorks:59,
	author={Kyoko Yatsuzuka and Fumikazu Hatakeyama and Kazutoshi Asano and Shinichiro Aonuma},
	year={2000},
	title={Fundamental characteristics of electrostatic wafer chuck with insulating sealant},
	journal={Industry Applications, IEEE Transactions on},
	volume={36},
	number={2},
	pages={510-516}
}

@inproceedings{RefWorks:63,
	author={Jeonghoon Yoo and Jae-Seok Choi and Sang-Joon Hong and Tae-Hyun Kim and Sung Jin Lee},
	year={2007},
	title={Finite element analysis of the attractive force on a Coulomb type electrostatic chuck},
	booktitle={Electrical Machines and Systems, 2007. ICEMS. International Conference on},
	publisher={IEEE},
	pages={1371-1375}
}

@inproceedings{RefWorks:47,
	author={M. Ziemann and S. Voss and O. Baldus and V. Schmidt},
	year={2010},
	title={Characterization of the clamp pressure of electrostatic chucks},
	booktitle={SPIE Advanced Lithography},
	publisher={International Society for Optics and Photonics},
	pages={76362F-76362F-5}
}

@article{RefWorks:53,
	author={莊宇軒},
	year={2007},
	title={介電材料之靜電吸盤吸附力探討},
	journal={臺灣大學應用力學研究所學位論文},
	pages={1-55}
}

@misc{RefWorks:73,
  author = 	 {赖安罗伯特},
  year = 	 {2010},
  title = 	 {静电卡盘},
  note = 	 {CN Patent 201,383,496},
  url = 	 {http://www.google.com/patents/CN201383496Y?cl=zh}
}
